% Encoding: UTF-8

@Article{OBrien2014,
  author    = {Oliver O'Brien and James Cheshire and Michael Batty},
  journal   = {Journal of Transport Geography},
  title     = {Mining bicycle sharing data for generating insights into sustainable transport systems},
  year      = {2014},
  month     = {jan},
  pages     = {262--273},
  volume    = {34},
  doi       = {10.1016/j.jtrangeo.2013.06.007},
  publisher = {Elsevier {BV}},
}

@Article{Shafae2021,
  author    = {Mohammed S. Shafae and Lee J. Wells and Jaime A. Camelio},
  journal   = {Procedia Manufacturing},
  title     = {Modeling in-process machining data using spatial point cloud vs. time series data structures},
  year      = {2021},
  pages     = {44--51},
  volume    = {53},
  doi       = {10.1016/j.promfg.2021.06.008},
  publisher = {Elsevier {BV}},
}

@Comment{jabref-meta: databaseType:bibtex;}
