% Encoding: UTF-8

@Article{OBrien2014,
  author    = {Oliver O'Brien and James Cheshire and Michael Batty},
  journal   = {Journal of Transport Geography},
  title     = {Mining bicycle sharing data for generating insights into sustainable transport systems},
  year      = {2014},
  month     = {jan},
  pages     = {262--273},
  volume    = {34},
  doi       = {10.1016/j.jtrangeo.2013.06.007},
  publisher = {Elsevier {BV}},
}

@Article{Shafae2021,
  author    = {Mohammed S. Shafae and Lee J. Wells and Jaime A. Camelio},
  journal   = {Procedia Manufacturing},
  title     = {Modeling in-process machining data using spatial point cloud vs. time series data structures},
  year      = {2021},
  pages     = {44--51},
  volume    = {53},
  doi       = {10.1016/j.promfg.2021.06.008},
  publisher = {Elsevier {BV}},
}

@article{jensen2010characterizing,
  title={Characterizing the speed and paths of shared bicycle use in Lyon},
  author={Jensen, Pablo and Rouquier, Jean-Baptiste and Ovtracht, Nicolas and Robardet, C{\'e}line},
  journal={Transportation research part D: transport and environment},
  volume={15},
  number={8},
  pages={522--524},
  year={2010},
  publisher={Elsevier}
}

@article{lathia2012measuring,
  title={Measuring the impact of opening the London shared bicycle scheme to casual users},
  author={Lathia, Neal and Ahmed, Saniul and Capra, Licia},
  journal={Transportation research part C: emerging technologies},
  volume={22},
  pages={88--102},
  year={2012},
  publisher={Elsevier}
}

@article{demaio2009bike,
  title={Bike-sharing: History, impacts, models of provision, and future},
  author={DeMaio, Paul},
  journal={Journal of public transportation},
  volume={12},
  number={4},
  pages={3},
  year={2009}
}
@Comment{jabref-meta: databaseType:bibtex;}
